%YAML 1.1
%TAG !u! tag:unity3d.com,2011:
--- !u!1 &4599082877738243972
GameObject:
  m_ObjectHideFlags: 0
  m_CorrespondingSourceObject: {fileID: 0}
  m_PrefabInstance: {fileID: 0}
  m_PrefabAsset: {fileID: 0}
  serializedVersion: 6
  m_Component:
  - component: {fileID: 3790035471260388670}
  - component: {fileID: 231709686596108955}
  - component: {fileID: 2653682251082298961}
  m_Layer: 0
  m_Name: Door_01
  m_TagString: Untagged
  m_Icon: {fileID: 0}
  m_NavMeshLayer: 0
  m_StaticEditorFlags: 0
  m_IsActive: 1
--- !u!4 &3790035471260388670
Transform:
  m_ObjectHideFlags: 0
  m_CorrespondingSourceObject: {fileID: 0}
  m_PrefabInstance: {fileID: 0}
  m_PrefabAsset: {fileID: 0}
  m_GameObject: {fileID: 4599082877738243972}
  m_LocalRotation: {x: -0.49874306, y: -0.5012538, z: -0.5012538, w: 0.49874306}
  m_LocalPosition: {x: 5.177015, y: 4.4191113, z: 14.619278}
  m_LocalScale: {x: 0.7999999, y: 0.8729624, z: 1.2105358}
  m_Children:
  - {fileID: 3790035471910036381}
  - {fileID: 3790035470580463173}
  - {fileID: 3790035471963438885}
  m_Father: {fileID: 0}
  m_RootOrder: 0
  m_LocalEulerAnglesHint: {x: -90.00001, y: 0, z: -90.288}
--- !u!33 &231709686596108955
MeshFilter:
  m_ObjectHideFlags: 0
  m_CorrespondingSourceObject: {fileID: 0}
  m_PrefabInstance: {fileID: 0}
  m_PrefabAsset: {fileID: 0}
  m_GameObject: {fileID: 4599082877738243972}
  m_Mesh: {fileID: 285212503980561717, guid: 143a4b3d5eb0acb4895af973c7046df8, type: 3}
--- !u!23 &2653682251082298961
MeshRenderer:
  m_ObjectHideFlags: 0
  m_CorrespondingSourceObject: {fileID: 0}
  m_PrefabInstance: {fileID: 0}
  m_PrefabAsset: {fileID: 0}
  m_GameObject: {fileID: 4599082877738243972}
  m_Enabled: 1
  m_CastShadows: 1
  m_ReceiveShadows: 1
  m_DynamicOccludee: 1
  m_MotionVectors: 1
  m_LightProbeUsage: 1
  m_ReflectionProbeUsage: 1
  m_RayTracingMode: 2
  m_RenderingLayerMask: 1
  m_RendererPriority: 0
  m_Materials:
  - {fileID: 2100000, guid: 96b78c9f7243d8b4dbbb9faa4e1e5599, type: 2}
  m_StaticBatchInfo:
    firstSubMesh: 0
    subMeshCount: 0
  m_StaticBatchRoot: {fileID: 0}
  m_ProbeAnchor: {fileID: 0}
  m_LightProbeVolumeOverride: {fileID: 0}
  m_ScaleInLightmap: 1
  m_ReceiveGI: 1
  m_PreserveUVs: 0
  m_IgnoreNormalsForChartDetection: 0
  m_ImportantGI: 0
  m_StitchLightmapSeams: 1
  m_SelectedEditorRenderState: 3
  m_MinimumChartSize: 4
  m_AutoUVMaxDistance: 0.5
  m_AutoUVMaxAngle: 89
  m_LightmapParameters: {fileID: 0}
  m_SortingLayerID: 0
  m_SortingLayer: 0
  m_SortingOrder: 0
--- !u!1001 &3680092163300907214
PrefabInstance:
  m_ObjectHideFlags: 0
  serializedVersion: 2
  m_Modification:
    m_TransformParent: {fileID: 3790035471260388670}
    m_Modifications:
    - target: {fileID: -8679921383154817045, guid: 4e536f36e52598f4081bca5fb7703da7,
        type: 3}
      propertyPath: m_LocalPosition.x
      value: -0.19
      objectReference: {fileID: 0}
    - target: {fileID: -8679921383154817045, guid: 4e536f36e52598f4081bca5fb7703da7,
        type: 3}
      propertyPath: m_LocalPosition.y
      value: 0.04
      objectReference: {fileID: 0}
    - target: {fileID: -8679921383154817045, guid: 4e536f36e52598f4081bca5fb7703da7,
        type: 3}
      propertyPath: m_LocalPosition.z
      value: 2.6750002
      objectReference: {fileID: 0}
    - target: {fileID: -8679921383154817045, guid: 4e536f36e52598f4081bca5fb7703da7,
        type: 3}
      propertyPath: m_LocalRotation.x
      value: -0
      objectReference: {fileID: 0}
    - target: {fileID: -8679921383154817045, guid: 4e536f36e52598f4081bca5fb7703da7,
        type: 3}
      propertyPath: m_LocalRotation.y
      value: -0
      objectReference: {fileID: 0}
    - target: {fileID: -8679921383154817045, guid: 4e536f36e52598f4081bca5fb7703da7,
        type: 3}
      propertyPath: m_LocalRotation.z
      value: 0.9996964
      objectReference: {fileID: 0}
    - target: {fileID: -8679921383154817045, guid: 4e536f36e52598f4081bca5fb7703da7,
        type: 3}
      propertyPath: m_LocalRotation.w
      value: 0.024640322
      objectReference: {fileID: 0}
    - target: {fileID: -8679921383154817045, guid: 4e536f36e52598f4081bca5fb7703da7,
        type: 3}
      propertyPath: m_RootOrder
      value: 2
      objectReference: {fileID: 0}
    - target: {fileID: -8679921383154817045, guid: 4e536f36e52598f4081bca5fb7703da7,
        type: 3}
      propertyPath: m_LocalEulerAnglesHint.x
      value: -90.00001
      objectReference: {fileID: 0}
    - target: {fileID: -8679921383154817045, guid: 4e536f36e52598f4081bca5fb7703da7,
        type: 3}
      propertyPath: m_LocalEulerAnglesHint.y
      value: 0
      objectReference: {fileID: 0}
    - target: {fileID: -8679921383154817045, guid: 4e536f36e52598f4081bca5fb7703da7,
        type: 3}
      propertyPath: m_LocalEulerAnglesHint.z
      value: 86.888
      objectReference: {fileID: 0}
    - target: {fileID: -8679921383154817045, guid: 4e536f36e52598f4081bca5fb7703da7,
        type: 3}
      propertyPath: m_LocalScale.x
      value: 1
      objectReference: {fileID: 0}
    - target: {fileID: -8679921383154817045, guid: 4e536f36e52598f4081bca5fb7703da7,
        type: 3}
      propertyPath: m_LocalScale.y
      value: 1
      objectReference: {fileID: 0}
    - target: {fileID: -8679921383154817045, guid: 4e536f36e52598f4081bca5fb7703da7,
        type: 3}
      propertyPath: m_LocalScale.z
      value: 1
      objectReference: {fileID: 0}
    - target: {fileID: 919132149155446097, guid: 4e536f36e52598f4081bca5fb7703da7,
        type: 3}
      propertyPath: m_Name
      value: Door_02
      objectReference: {fileID: 0}
    m_RemovedComponents: []
  m_SourcePrefab: {fileID: 100100000, guid: 4e536f36e52598f4081bca5fb7703da7, type: 3}
--- !u!4 &3790035471963438885 stripped
Transform:
  m_CorrespondingSourceObject: {fileID: -8679921383154817045, guid: 4e536f36e52598f4081bca5fb7703da7,
    type: 3}
  m_PrefabInstance: {fileID: 3680092163300907214}
  m_PrefabAsset: {fileID: 0}
--- !u!1001 &3680092163396240502
PrefabInstance:
  m_ObjectHideFlags: 0
  serializedVersion: 2
  m_Modification:
    m_TransformParent: {fileID: 3790035471260388670}
    m_Modifications:
    - target: {fileID: -8679921383154817045, guid: 1fd0de74da64c144d8520e238267997a,
        type: 3}
      propertyPath: m_LocalPosition.x
      value: -0.3
      objectReference: {fileID: 0}
    - target: {fileID: -8679921383154817045, guid: 1fd0de74da64c144d8520e238267997a,
        type: 3}
      propertyPath: m_LocalPosition.y
      value: 0.07
      objectReference: {fileID: 0}
    - target: {fileID: -8679921383154817045, guid: 1fd0de74da64c144d8520e238267997a,
        type: 3}
      propertyPath: m_LocalPosition.z
      value: 2.7213092
      objectReference: {fileID: 0}
    - target: {fileID: -8679921383154817045, guid: 1fd0de74da64c144d8520e238267997a,
        type: 3}
      propertyPath: m_LocalRotation.x
      value: -0
      objectReference: {fileID: 0}
    - target: {fileID: -8679921383154817045, guid: 1fd0de74da64c144d8520e238267997a,
        type: 3}
      propertyPath: m_LocalRotation.y
      value: -0
      objectReference: {fileID: 0}
    - target: {fileID: -8679921383154817045, guid: 1fd0de74da64c144d8520e238267997a,
        type: 3}
      propertyPath: m_LocalRotation.z
      value: 0.9999015
      objectReference: {fileID: 0}
    - target: {fileID: -8679921383154817045, guid: 1fd0de74da64c144d8520e238267997a,
        type: 3}
      propertyPath: m_LocalRotation.w
      value: 0.014040471
      objectReference: {fileID: 0}
    - target: {fileID: -8679921383154817045, guid: 1fd0de74da64c144d8520e238267997a,
        type: 3}
      propertyPath: m_RootOrder
      value: 0
      objectReference: {fileID: 0}
    - target: {fileID: -8679921383154817045, guid: 1fd0de74da64c144d8520e238267997a,
        type: 3}
      propertyPath: m_LocalEulerAnglesHint.x
      value: -90.00001
      objectReference: {fileID: 0}
    - target: {fileID: -8679921383154817045, guid: 1fd0de74da64c144d8520e238267997a,
        type: 3}
      propertyPath: m_LocalEulerAnglesHint.y
      value: 0
      objectReference: {fileID: 0}
    - target: {fileID: -8679921383154817045, guid: 1fd0de74da64c144d8520e238267997a,
        type: 3}
      propertyPath: m_LocalEulerAnglesHint.z
      value: 88.103004
      objectReference: {fileID: 0}
    - target: {fileID: -8679921383154817045, guid: 1fd0de74da64c144d8520e238267997a,
        type: 3}
      propertyPath: m_LocalScale.x
      value: 1
      objectReference: {fileID: 0}
    - target: {fileID: -8679921383154817045, guid: 1fd0de74da64c144d8520e238267997a,
        type: 3}
      propertyPath: m_LocalScale.y
      value: 1
      objectReference: {fileID: 0}
    - target: {fileID: -8679921383154817045, guid: 1fd0de74da64c144d8520e238267997a,
        type: 3}
      propertyPath: m_LocalScale.z
      value: 1
      objectReference: {fileID: 0}
    - target: {fileID: 919132149155446097, guid: 1fd0de74da64c144d8520e238267997a,
        type: 3}
      propertyPath: m_Name
      value: Door_04
      objectReference: {fileID: 0}
    m_RemovedComponents: []
  m_SourcePrefab: {fileID: 100100000, guid: 1fd0de74da64c144d8520e238267997a, type: 3}
--- !u!4 &3790035471910036381 stripped
Transform:
  m_CorrespondingSourceObject: {fileID: -8679921383154817045, guid: 1fd0de74da64c144d8520e238267997a,
    type: 3}
  m_PrefabInstance: {fileID: 3680092163396240502}
  m_PrefabAsset: {fileID: 0}
--- !u!1001 &3680092164683551150
PrefabInstance:
  m_ObjectHideFlags: 0
  serializedVersion: 2
  m_Modification:
    m_TransformParent: {fileID: 3790035471260388670}
    m_Modifications:
    - target: {fileID: -8679921383154817045, guid: 5a3ce1ef9c25adb4cb2098b6ec2a58a5,
        type: 3}
      propertyPath: m_LocalPosition.x
      value: -0.3
      objectReference: {fileID: 0}
    - target: {fileID: -8679921383154817045, guid: 5a3ce1ef9c25adb4cb2098b6ec2a58a5,
        type: 3}
      propertyPath: m_LocalPosition.y
      value: 0.04
      objectReference: {fileID: 0}
    - target: {fileID: -8679921383154817045, guid: 5a3ce1ef9c25adb4cb2098b6ec2a58a5,
        type: 3}
      propertyPath: m_LocalPosition.z
      value: 2.8
      objectReference: {fileID: 0}
    - target: {fileID: -8679921383154817045, guid: 5a3ce1ef9c25adb4cb2098b6ec2a58a5,
        type: 3}
      propertyPath: m_LocalRotation.x
      value: -0
      objectReference: {fileID: 0}
    - target: {fileID: -8679921383154817045, guid: 5a3ce1ef9c25adb4cb2098b6ec2a58a5,
        type: 3}
      propertyPath: m_LocalRotation.y
      value: -0
      objectReference: {fileID: 0}
    - target: {fileID: -8679921383154817045, guid: 5a3ce1ef9c25adb4cb2098b6ec2a58a5,
        type: 3}
      propertyPath: m_LocalRotation.z
      value: 0.999984
      objectReference: {fileID: 0}
    - target: {fileID: -8679921383154817045, guid: 5a3ce1ef9c25adb4cb2098b6ec2a58a5,
        type: 3}
      propertyPath: m_LocalRotation.w
      value: 0.005660355
      objectReference: {fileID: 0}
    - target: {fileID: -8679921383154817045, guid: 5a3ce1ef9c25adb4cb2098b6ec2a58a5,
        type: 3}
      propertyPath: m_RootOrder
      value: 1
      objectReference: {fileID: 0}
    - target: {fileID: -8679921383154817045, guid: 5a3ce1ef9c25adb4cb2098b6ec2a58a5,
        type: 3}
      propertyPath: m_LocalEulerAnglesHint.x
      value: -90.00001
      objectReference: {fileID: 0}
    - target: {fileID: -8679921383154817045, guid: 5a3ce1ef9c25adb4cb2098b6ec2a58a5,
        type: 3}
      propertyPath: m_LocalEulerAnglesHint.y
      value: 0
      objectReference: {fileID: 0}
    - target: {fileID: -8679921383154817045, guid: 5a3ce1ef9c25adb4cb2098b6ec2a58a5,
        type: 3}
      propertyPath: m_LocalEulerAnglesHint.z
      value: 89.064
      objectReference: {fileID: 0}
    - target: {fileID: -8679921383154817045, guid: 5a3ce1ef9c25adb4cb2098b6ec2a58a5,
        type: 3}
      propertyPath: m_LocalScale.x
      value: 1
      objectReference: {fileID: 0}
    - target: {fileID: -8679921383154817045, guid: 5a3ce1ef9c25adb4cb2098b6ec2a58a5,
        type: 3}
      propertyPath: m_LocalScale.y
      value: 1
      objectReference: {fileID: 0}
    - target: {fileID: -8679921383154817045, guid: 5a3ce1ef9c25adb4cb2098b6ec2a58a5,
        type: 3}
      propertyPath: m_LocalScale.z
      value: 1
      objectReference: {fileID: 0}
    - target: {fileID: 919132149155446097, guid: 5a3ce1ef9c25adb4cb2098b6ec2a58a5,
        type: 3}
      propertyPath: m_Name
      value: Door_03
      objectReference: {fileID: 0}
    m_RemovedComponents: []
  m_SourcePrefab: {fileID: 100100000, guid: 5a3ce1ef9c25adb4cb2098b6ec2a58a5, type: 3}
--- !u!4 &3790035470580463173 stripped
Transform:
  m_CorrespondingSourceObject: {fileID: -8679921383154817045, guid: 5a3ce1ef9c25adb4cb2098b6ec2a58a5,
    type: 3}
  m_PrefabInstance: {fileID: 3680092164683551150}
  m_PrefabAsset: {fileID: 0}
